
@article{Barnes1986,
	author = {Barnes, Josh and Hut, Piet},
	doi = {10.1038/324446a0},
	journal = {Nature},
	number = {6096},
	pages = {446},
	title = {A hierarchical {$O(N \log N)$} force-calculation algorithm},
	volume = {324},
	year = {1986},
    }
